@misc{githubGitHubNesquikojibrarian,
  author       = {},
  title        = {{G}it{H}ub - {N}esquiko/jibrarian --- github.com},
  howpublished = {\url{https://github.com/Nesquiko/jibrarian}},
  year         = {},
  note         = {[Accessed 26-Apr-2023]}
}